%%%%%%%%%%%%%%%%%%%%%%%%%%%%%%%%%%%%%%%%%%%%%%%%%%%%%%%%%%%%%%%%%%%%%%%%%%%%
% file: procbiblio.bib                               last update: 07/23/2010
% author: Harvey J. Greenberg
% This is to illustrate formatting to be used in INFORMS Proceedings
% It is referenced by ics-2011-paper-sample.tex
%%%%%%%%%%%%%%%%%%%%%%%%%%%%%%%%%%%%%%%%%%%%%%%%%%%%%%%%%%%%%%%%%%%%%%%%%%%%
@ARTICLE{articlepublished,
  AUTHOR =       "G. B. Dantzig",
  TITLE =        "Discrete-Variable Extremum Problems",
  JOURNAL =      "Operations Research",
  YEAR =         "1957",
  volume =       "5",
  number =       "1",
  pages =        "266--277",
}
@ARTICLE{articletoappear,
  AUTHOR =       "I. M. Waiting2Appear",
  TITLE =        "Queueing Analysis of Journal articles",
  JOURNAL =      "Management Science",
  YEAR =         "to appear",
}
@MISC{articlesubmittedjournalNotNamed,
  author =       "I. M. Waiting2be",
  title =        "Article title",
  year =         "submitted 2005",
}
@ARTICLE{articlesubmittedjournalNamed,
  author =       "I. M. Waiting2be2",
  title =        "Article title",
  year =         "submitted 2005",
  JOURNAL =      "Operations Research",
}
@MISC{databasewithAuthor,
  author =       "A-C. Archilles",
  title =        "Bibliographies on Mathematics",
  howpublished = "World Wide Web, \url{http://liinwww.ira.uka.de/bibliography/Math/}",
  year =         "1994--2003",
}
@MISC{databasewithoutAuthor,
  key  =         "Kyoto Encyclopedia of Genes and Genomes",
  title =        "Kyoto Encyclopedia of Genes and Genomes {(KEGG)}",
  howpublished = "World Wide Web, \url{http://www.genome.ad.jp/kegg}",
  year =         "1995--2005",
}
@INPROCEEDINGS{inproceedings,
  AUTHOR =       "M. Held and R. M. Karp",
  TITLE =        "A dynamic programming approach to sequencing problems",
  BOOKTITLE =    "Proceedings of the 1961 16th ACM National Meeting ",
  PUBLISHER =    "ACM Press",
  address =      "New York, NY",
  YEAR =         "1961",
  pages =        " 71.201--71.204",
}
@INCOLLECTION{chapterinseries,
  AUTHOR =       "J. W. Chinneck", 
  TITLE =        "Chapter 14: Feasibility and Viability",
  editor =       "T. Gal and H. J. Greenberg",
  booktitle =    "Advances in Sensitivity Analysis and Parametric Programming",
  pages =        "",
  PUBLISHER =    "Kluwer Academic Publishers",
  series  =      "International Series in Operations Research and Management Science",
  YEAR =         "1997",
  address =      "Norwell, MA",
}
@TECHREPORT{reportacademic,
  AUTHOR =       "H. J. Greenberg",
  TITLE =        "A Primer for {RANDMOD: A} System for Randomizing Modifications 
                 to an Instance of a Linear Program",
  INSTITUTION =  "Mathematics Department, University of Colorado at Denver, Denver, CO",
  YEAR =         "1995",
  type =         "Technical Report",
}
@BOOK{book,
  AUTHOR =       "R. B. Cooper",
  TITLE =        "Introduction to Queueing Theory",
  PUBLISHER =    "North-Holland",
  address =      "Boston, MA",
  YEAR =         "1981",
  edition =      "2nd",
  note =         "Available (no cost) at
         \url{http://www.cse.fau.edu/~bob/publications/IntroToQueueingTheory_Cooper.pdf}"
 }

@BOOK{bookwebStatic,
  AUTHOR =       "E. \c{C}inlar and R. J. Vanderbei",
  TITLE =        "Mathematical Methods of Engineering Analysis",
  PUBLISHER =    "World Wide Web, \url{http://www.princeton.edu/~rvdb/}",
  YEAR =         "2000",
}
@Book{bookwebDynamic,
  author = "H. J. Greenberg",
  title = "Mathematical Programming Glossary",
  publisher ="World Wide Web",
  address="\url{http://www.cudenver.edu/~hgreenbe/glossary/}",
  year = "1996--2005",
}
@book{Greenberg04, 
  EDITOR = "H. J. Greenberg", 
  TITLE = "Tutorials on Emerging Methodologies and Applications 
           in Operations Research", 
  PUBLISHER = "Kluwer Academic Press", 
  ADDRESS = "Norwell, MA", 
  YEAR = "2004" 
} 
@TECHREPORT{reportgovt,
  AUTHOR =       "D. McNicol and F. H. Murphy and S. Shaw and R. Thrasher",
  TITLE =        "An Analysis of the Economic Effects of Accelerated 
                 Deregulation of Natural Gas Prices",
  INSTITUTION =  "Energy Information Administration
                  U.S. Department of Energy",
  YEAR =         "1981",
  type =         "Technical Report",
  number =       "DOE/EIA-0303",
  address =      "Washington, D.C.",
}
@INCOLLECTION{chapter,
  AUTHOR =       "A. Fink and S. Vo\ss{} and D. Woodruff",
  TITLE =        "Optimization Software Libraries",
  BOOKTITLE =    "Handbook of Applied Optimization",
  EDITOR =       "P. P. Pardalos and M. G. C. Resende",
  PUBLISHER =    "Oxford University Press",
  YEAR =         "2002",
  address =      "New York, NY",
}
@ARTICLE{newsletter,
  AUTHOR =       "J. W. Chinneck and H. J. Greenberg",
  TITLE =        "Intelligent Mathematical Programming Software: 
                  Past, Present, and Future",
  JOURNAL =      "Canadian Operational Research Society Bulletin",
  YEAR =         "1999",
  volume =       "33",
  number =       "2",
  pages =        "14--28",
  note =         "Available online at \url{http://www.cors.ca/bulletin/v33n1.pdf}.
                 Also appeared in \textit{INFORMS Computing Society Newsletter}
                 20:1 (1999), 1--9. (Available at 
                \url{http://www.und.nodak.edu/dept/csci/twiggen/ics/v20n1.pdf}).",
}
@PHDTHESIS{thesisPHD,
  AUTHOR =       "A. G. Holder",
  TITLE =        "Sensitivity Analysis and the Analytic Central Path",
  SCHOOL =       "University of Colorado at Denver, Mathematics Department",
  YEAR =         "1997",
  address =      "Denver, CO",
}
@MANUAL{primer,
  TITLE =        "PICO: An Object-Oriented Framework for Parallel Branch and Bound",
  author =       "J. Eckstein and W. E. Hart and C. A. Phillips",
  organization = "Sandia National Laboratories",
  address =      "Albuquerque, NM",
  year =         "2000",
}
@MANUAL{manualwithAuthor,
  TITLE =        "The MOSEK Optimization Toolbox for MATLAB Version 2.5",
  author =       "E. D. Andersen",
  year =         "1999--2002",
  note =         "Available online at \url{http://www.mosek.com}",
}
@MASTERSTHESIS{thesisMS,
  AUTHOR =       "J. Kennedy",
  TITLE =        "Minimum Support Solutions for Radiotherapy Treatment Planning",
  SCHOOL =       "University of Colorado at Denver, Mathematics Department",
  YEAR =         "2000",
  address =      "Denver, CO",
}
@PROCEEDINGS{proceedings,
  TITLE =        "Proceedings of the Seventh Annual International Cconference 
                  on Computational Molecular Biology (RECOMB)",
  YEAR =         "2003",
  editor =       "M. Vingron and S. Istrail and P. Pevzner and M. Waterman",
  publisher =    "ACM Press",
  address =      "New York, NY",
}
@MISC{manualwithoutAuthor,
  key =          "Compaq Fortran User Manual",
  title =        "Compaq {F}ortran User Manual for Open {VMS} {A}lpha Systems",
  howpublished = "Order Number: AA--QJRWC--TE, Compaq Computer Corporation, Houston, TX",
  year =         "2001",
}
@MISC{websitecourse,
  AUTHOR =       "H. J. Greenberg",
  TITLE  =       "Math 5610: Computational Biology",
  howpublished = "University of Colorado at Denver, Mathematics Department,
                 World Wide Web,
                 \url{http://www-math.cudenver.edu/~hgreenbe/courses/CompBioS03/}",
  YEAR =         "2003",
  annote =       "{This uses the \textsf{annote} field in the TutORials bibtex style.}"
}
@BOOK{websiteitem,
  AUTHOR =      "H. J. Greenberg",
  TITLE  =      "Sequence Alignment by Dynamic Programming 
                 {\rm (note for Math 5610: Computational Biology)}",
  PUBLISHER  =  "University of Colorado at Denver, Mathematics Department",
  address =     "World Wide Web,
                 \url{http://www-math.cudenver.edu/~hgreenbe/courses/CompBioS03/notes/align.ps}",
  YEAR =        "2003",
  note =        "Note some formatting added to suppress italics in title parenthetical."
}
@MISC{website,
  key =          "INFORMS",
  title =        "{INFORMS TutORials Series}",
  howpublished = "World Wide Web,
                 \url{http://test11.informs.org/tutorials/}",
}
